<?xml version="1.0" encoding="UTF-8"?><collection xmlns="http://www.loc.gov/MARC21/slim"><record><leader>00337nam--2200133-i-4500</leader><controlfield tag="001">000027012</controlfield><controlfield tag="002">20161230</controlfield><controlfield tag="005">20161230201036</controlfield><controlfield tag="008">060222s1000------------r-----000-0-eng-d</controlfield><datafield ind1=" " ind2=" " tag="080"><subfield code="a">621.039.8:551.49(061.3)</subfield></datafield><datafield ind1=" " ind2=" " tag="245"><subfield code="a">Isotopes in lake studies</subfield></datafield><datafield ind1=" " ind2=" " tag="260"><subfield code="a">Vienna,I.A.E.A., 1979. 290p</subfield></datafield><datafield ind1=" " ind2=" " tag="490"><subfield code="a">Panel Proceedings Series</subfield></datafield><datafield ind1=" " ind2=" " tag="852"><subfield code="a">47387</subfield></datafield></record></collection>